<?xml version="1.0" encoding="UTF-8"?><collection xmlns="http://www.loc.gov/MARC21/slim"><record><leader>00364nam--2200145-i-4500</leader><controlfield tag="001">000030652</controlfield><controlfield tag="002">20161230</controlfield><controlfield tag="005">20161230201038</controlfield><controlfield tag="008">060222s1000------------r-----000-0-eng-d</controlfield><datafield ind1=" " ind2=" " tag="080"><subfield code="a">621.38</subfield></datafield><datafield ind1=" " ind2=" " tag="100"><subfield code="a">Lyon-caen, R</subfield></datafield><datafield ind1=" " ind2=" " tag="245"><subfield code="a">Circuits logiques integres</subfield></datafield><datafield ind1=" " ind2=" " tag="260"><subfield code="a">Paris, Masson Et C-ie, 1968, Ix + 201p</subfield></datafield><datafield ind1=" " ind2=" " tag="490"><subfield code="a">Monographie D`Electronique</subfield></datafield><datafield ind1=" " ind2=" " tag="852"><subfield code="a">30633</subfield></datafield></record></collection>